@book{ModAN,
author = {Fujia Yang, Joseph H. Hamilton},
title = {Modern Atomic and Nuclear Physics},
year = 2010
}

@book{LasCool,
author = {Harold J. Metcalf},
title = {Laser Cooling and Trapping},
year = 1999
}
