@article{michelson,
author = {{ Albert A. Michelson }},
title = {{XXX. On the application of interference methods to spectroscopic measurements.}},
journal = {{The London, Edinburgh, and Dublin Philosophical Magazine and Journal of Science}},
volume = {{34}},
number = {{208}},
pages = {{280-299}},
year  = {{1892}},
publisher = {{Taylor & Francis}}
}

@article{Pauli1924,
author={{Pauli, W.}},
title={{Zur Frage der theoretischen Deutung der Satelliten einiger Spektrallinien und ihrer Beeinflussung durch magnetische Felder}},
journal={{Naturwissenschaften}},
year={{1924}},
month={{Sep}},
day={{01}},
volume={{12}},
number={{37}},
pages={{741--743}},
issn={{1432-1904}}
}

@article{Lieb2001,
author={{Lieb, Klaus-Peter}},
title={{Theodor Schmidt and Hans Kopfermann -- Pioneers in Hyperfine Physics}},
journal={{Hyperfine Interactions}},
year={{2001}},
month={{Nov}},
day={{01}},
volume={{136}},
number={{3}},
pages={{783--802}},
}

@book{ModAN,
author = {{Fujia Yang, Joseph H. Hamilton}},
title = {{Modern Atomic and Nuclear Physics}},
year = {{2010}}
}

@article{gapap,
  title = {Probing the $_{31}\mathrm{Ga}$ ground-state properties in the region near $Z=28$ with high-resolution laser spectroscopy},
  author = { G. J. Farooq-Smith et al.},
  journal = {Phys. Rev. C},
  volume = {96},
  issue = {4},
  pages = {044324},
  numpages = {9},
  year = {2017},
  month = {Oct},
  publisher = {American Physical Society},
}


@book{LasCool,
author = {{Harold J. Metcalf}},
title = {{Laser Cooling and Trapping}},
year = {{1999}}
}

@phdthesis{TomT,
author = {{Thomas Procter}},
title = {{New Techniques of Laser Spectroscopy on Exotic Isotopes of Gallium and Francium}},
year = {{2013}},
}

@article{CFBS,
author = {{Anika V. et al.}},
title = {{The Collinear Fast Beam laser Spectroscopy experiment at TRIUMF}},
year = {{2015}}
}

@article{GA69,
author = {{T.J. Proctor et al.}},
title = {{Nuclear mean-square-charge radii of $^{63,64,66,68-82}$Ga nuclei: No anomalous behavious at N = 32}},
year = {{2012}}
}

@book{Nut,
author = {{Carlos A. Bertulani}},
title = {{Nuclear Physics in a Nutshell}},
year = {{2007}}
}


@article{voigt,
author = {{G.K. Wertheim et al.}},
title = {{Determination of the Gaussian and Lorentzian content of experimental lineshapes}},
journal = {{Review of Scientific Instruments}},
year = {{1974}},
volume = {{45}}
}

@book{cmec,
author = {{David Morin}},
title = {{Introduction to Classical Mechanics}},
year = {{2008}}
}

@book{townsend,
author = {{John S. Townsend}},
title={{A Modern Approach to Quantum Mechanics}},
year = {{2012}}
}

@misc{wolf,
author = {{Wolfram MathWorld}},
title = {{\emph{http://mathworld.wolfram.com/Spheroid.html}}},
year = {{2017}}
}
